%%%%%%%%%%%%%%%%%%%%%%%%%%%%%%%%%%%%%%%%%%%%%%%%%%%%%%%%%%%%%%%%%%%%%%%%%%%%%%%%%%%%%%%%%%%%%%%%%%%
% SPLE AND CUSTOMISATION MECHANISMS OVERVIEW
%%%%%%%%%%%%%%%%%%%%%%%%%%%%%%%%%%%%%%%%%%%%%%%%%%%%%%%%%%%%%%%%%%%%%%%%%%%%%%%%%%%%%%%%%%%%%%%%%%%

% !!! This is our main source for customisation mechanisms and feature orientation in product lines
@inproceedings{hammami2015thefose,
  title={THEFOSE-Theoretical Foundations of System Engineering: A first feedback},
  author={Hammami, Omar and Edmonson, William},
  booktitle={2015 IEEE International Symposium on Systems Engineering (ISSE)},
  pages={370--374},
  year={2015},
  organization={IEEE}
}

@article{horsch2021osmo,
  title={OSMO: Ontology for simulation, modelling, and optimization},
  author={Horsch, Martin Thomas and Toti, Daniele and Chiacchiera, Silvia and Seaton, Michael A and Goldbeck, Gerhard and Todorov, Ilian T},
  year={2021}
}

@article{spelten2023simulation,
  title={Simulation Data goes Ontology},
  author={Spelten, Philipp},
  year={2023}
}