%%%%%%%%%%%%%%%%%%%%%%%%%%%%%%%%%%%%%%%%%%%%%%%%%%%%%%%%%%%%%%%%%%%%%%%%%%%%%%%%%%%%%%%%%%%%%%%%%%%
% SPLE AND CUSTOMISATION MECHANISMS OVERVIEW
%%%%%%%%%%%%%%%%%%%%%%%%%%%%%%%%%%%%%%%%%%%%%%%%%%%%%%%%%%%%%%%%%%%%%%%%%%%%%%%%%%%%%%%%%%%%%%%%%%%

% !!! This is our main source for customisation mechanisms and feature orientation in product lines
@book{Apel:2013,
    title     = {Feature-Oriented Software Product Lines: Concepts and Implementation},
    author    = {S. Apel and D. Batory and C. Kaestner and G. Saake},
    year      = {2013},
    publisher = {Springer Berlin Heidelberg},
    isbn      = {978-3-642-37520-0},
}
